<?xml version="1.0" encoding="UTF-8"?><collection xmlns="http://www.loc.gov/MARC21/slim"><record><leader>00580nam--2200205-u-4500</leader><controlfield tag="001">000050481</controlfield><controlfield tag="002">20161230</controlfield><controlfield tag="003">81870</controlfield><controlfield tag="005">20161230201048</controlfield><controlfield tag="008">070404s1000------------r-----000-0-eng-d</controlfield><datafield ind1=" " ind2=" " tag="020"><subfield code="a">9812562052</subfield></datafield><datafield ind1=" " ind2=" " tag="040"><subfield code="a">IFIN-HH</subfield></datafield><datafield ind1=" " ind2=" " tag="080"><subfield code="a">(538.91:001.2):004.94</subfield></datafield><datafield ind1="1" ind2=" " tag="100"><subfield code="a">Mansoori,G.Ali</subfield></datafield><datafield ind1="1" ind2="0" tag="245"><subfield code="a">Principles of Nanotechnology</subfield><subfield code="b">Molecular-Based Study of Condensed Matter in Small Systems</subfield><subfield code="c">G. Ali Mansoori</subfield></datafield><datafield ind1=" " ind2=" " tag="260"><subfield code="a">New Jersey</subfield><subfield code="b">World Scientific</subfield><subfield code="c">2005</subfield></datafield><datafield ind1=" " ind2=" " tag="300"><subfield code="a">340 p</subfield></datafield><datafield ind1=" " ind2=" " tag="504"><subfield code="a">Includes Index</subfield></datafield><datafield ind1=" " ind2=" " tag="852"><subfield code="a">81870</subfield><subfield code="c">001.2</subfield></datafield><datafield ind1=" " ind2=" " tag="CAT"><subfield code="a">Sys</subfield><subfield code="c">20110105</subfield><subfield code="h">093129</subfield></datafield></record></collection>